@misc{NASA2024,
  author = {{NASA Langley Research Center}},
  title = {POWER: The NASA Langley Research Center's Atmospheric Science Data Center (ASDC) Model},
  year = {2024},
  url = {https://power.larc.nasa.gov/},
}
