@book{2,
   author = {Ramón Pallás Areny},
   title = {Sensores y Acondicionadores de Señal 4a Edicion},
}
@book{3,
   author = {Antonio Creus Solé},
   title = {Instrumentación industrial, 8va Edicion},
}
@book{4,
   author = {Ramón Pallás Areny},
   title = {Adquisición y distribución de señales},
}

@techreport{1,
    author = {José Luis Navas Borrero},
    title = {Guías de clase},
    institution = {Universidad de Málaga},
    year = {2023}
}

@book{5,
   author = {Luces M. Faulkenberry},
   title = {Introducción a los amplificadores operacioneales con aplicaciones a CI lineales},
}