@misc{randallpage2021,
author       = {Thomas Randall-Page},
title        = {The Rolling Bridge},
year         = {2021},
howpublished = {\url{https://thomasrandallpage.com/rolling-bridge}}
}

@misc{codydock2022,
author       = {Cody Dock Partnership},
title        = {Cody Dock Projects},
year         = {2022},
howpublished = {\url{https://codydock.org.uk}}
}

@article{pritchard2022,
author  = {Michael Pritchard},
title   = {Rolling Bridges: Kinetic Art in Infrastructure},
journal = {Architectural Record},
volume  = {209},
number  = {4},
pages   = {58--65},
year    = {2022}
}

@book{ice2021,
title     = {Innovative Bridge Design},
publisher = {ICE Publishing},
year      = {2021}
}

@article{carter2023,
author  = {James Carter},
title   = {Urban Kinetics: Engineering Challenges in Manual Movable Bridges},
journal = {Civil Engineering Magazine},
volume  = {92},
number  = {3},
pages   = {34--41},
year    = {2023}
}

@article{maxwell1849rolling,
  author    = {James Clerk Maxwell},
  title     = {On the theory of rolling curves},
  journal   = {Transactions of the Royal Society of Edinburgh},
  volume    = {16},
  number    = {5},
  pages     = {519--540},
  year      = {1849}
}