@book{1,
  author = {A. Quarteroni; R. Sacco; F. Sale},
  publisher = {Springer},
  title = {Numerical Mathematics},
  year = {2007}
}